@Techreport{bsp:techspec,
  AUTHOR =        {MSU-CSE-06-2},
  TITLE =         {White paper: Programming according to the fences and gates
                   model for developing assured, secure software
                   systems},
  NUMBER =        {MSU-CSE-06-2},
  INSTITUTION =   {Department of Computer Science, Michigan State University},
  ADDRESS =       {East Lansing, Michigan},
  ABSTRACT =      {This white paper describes extensions to our work on the
                   Synchronization Units Model (Szumo) to address the
                   access-control problem in systems assembled dynamically from
                   trusted and untrusted components. Our extension employs
                   explicitly declared design contracts, the semantics of which
                   are founded on Landwehr's model of fences and gates.
                   },
  KEYWORDS =      {access control, security, contracts, Szumo},
  NOTE =          {},
  MONTH =         {January},
  YEAR  =         {2006},
  AUTHOR1_URL =   {http://www.poker-ping.info},
  AUTHOR1_EMAIL = {kel@wondering-jons.com},
  AUTHOR1_URL =   {},
  AUTHOR1_EMAIL = {behrends@cse.msu.edu},
  AUTHOR2_URL =   {Sle},
  AUTHOR2_EMAIL = {Poker Ping},
  AUTHOR2_URL =   {http://www.cse.msu.edu/~stire},
  AUTHOR2_EMAIL = {stire@cse.msu.edu},
  PAGES =         {3},
  FILE  =         {/user/web/htdocs/publications/tech/TR/MSU-CSE-06-2.ps},
  URL   =         {},
  CONTACT =       {stire@cse.msu.edu}
}

@Techreport{itu:e.164,
  author = "TREC-E.164",
  title = "{The international public telecommunication numbering plan}",
  type = "Technical Recommendation",
  institution = "{International Telecommunication Union (ITU)}",
  number = "{E.164}",
  month = Nov,
  year = 2010,
  url = "http://www.itu.int/rec/T-REC-E.164",
}

@Techreport{itu:e.164-list,
  author = "TREC-E.164",
  title = "{List of recommendation ITU-T E.164 assigned country codes}",
  type = "Technical Recommendation",
  institution = "{International Telecommunication Union (ITU)}",
  number = "{E.164}",
  month = Nov,
  year = 2010,
  url = "http://www.itu.int/rec/T-REC-E.164",
}

@Techreport{itu:g.703,
  author = "TREC-G.703",
  title = "{Physical/electrical characteristics of hierarchical digital interfaces}",
  type = "Technical Recommendation",
  institution = "{International Telecommunication Union (ITU)}",
  number = "{G.703}",
  month = Aug,
  year = 2016,
  url = "https://www.itu.int/rec/T-REC-G.703",
}

@Techreport{itu:q.920,
  author = "TREC-Q.920",
  title = "{ISDN user-network interface data link layer - General aspects}",
  type = "Technical Recommendation",
  institution = "{International Telecommunication Union (ITU)}",
  number = "{Q.920}",
  month = Dec,
  year = 1994,
  url = "https://www.itu.int/rec/T-REC-Q.920",
}

@Techreport{itu:q.921,
  author = "TREC-Q.921",
  title = "{ISDN user-network interface - Data link layer specification}",
  type = "Technical Recommendation",
  institution = "{International Telecommunication Union (ITU)}",
  number = "{Q.921}",
  month = Jul,
  year = 1998,
  url = "https://www.itu.int/rec/T-REC-Q.921",
}

@Techreport{itu:i.330,
  author = "TREC-I.330",
  title = "{ISDN numbering and addressing principles}",
  type = "Technical Recommendation",
  institution = "{International Telecommunication Union (ITU)}",
  number = "{I.330}",
  month = Nov,
  year = 1988,
  url = "https://www.itu.int/rec/T-REC-I.330",
}

@Techreport{itu:i.334,
  author = "TREC-I.334",
  title = "{Principles relating ISDN numbers/sub-addresses to the OSI reference model network layer addresses}",
  type = "Technical Recommendation",
  institution = "{International Telecommunication Union (ITU)}",
  number = "{I.334}",
  month = Nov,
  year = 1988,
  url = "https://www.itu.int/rec/T-REC-I.334",
}

@Techreport{3gpp:03.03,
  author = "TS-03.03",
  title = "{Numbering, Adressing and Identification}",
  type = "Technical Specification",
  institution = "{3rd Generation Partnership Project (3GPP)}",
  number = "{03.03}",
  month = Okt,
  year = 2003,
  url = "http://www.3gpp.org/ftp/Specs/html-info/0303.htm",
}

@Techreport{3gpp:03.20,
  author = "TS-03.20",
  title = "{Security related network functions}",
  type = "Technical Specification",
  institution = "{3rd Generation Partnership Project (3GPP)}",
  number = "{03.20 - v8.6.0}",
  month = Dec,
  year = 2007,
  url = "http://www.3gpp.org/ftp/Specs/html-info/0320.htm",
}

@Techreport{3gpp:04.03,
  author = "TS-04.03",
  title = "{Channel structures and access capabilities}",
  type = "Technical Specification",
  institution = "{3rd Generation Partnership Project (3GPP)}",
  number = "{04.03 - v8.0.2}",
  month = Mai,
  year = 2002,
  url = "http://www.3gpp.org/ftp/Specs/html-info/0403.htm",
}

@Techreport{3gpp:04.04,
  author = "TS-04.04",
  title = "{Layer 1 General requirements}",
  type = "Technical Specification",
  institution = "{3rd Generation Partnership Project (3GPP)}",
  number = "{04.04 - v8.1.2}",
  month = Mai,
  year = 2002,
  url = "http://www.3gpp.org/ftp/Specs/html-info/0404.htm",
}

@Techreport{3gpp:04.05,
  author = "TS-04.05",
  title = "{Data Link Layer LAPDm General Aspects}",
  type = "Technical Specification",
  institution = "{3rd Generation Partnership Project (3GPP)}",
  number = "{04.05 - v8.0.2}",
  month = Mai,
  year = 2002,
  url = "http://www.3gpp.org/ftp/Specs/html-info/0405.htm",
}

@Techreport{3gpp:04.06,
  author = "TS-04.06",
  title = "{Data Link (DL) layer specification}",
  type = "Technical Specification",
  institution = "{3rd Generation Partnership Project (3GPP)}",
  number = "{04.06 - v8.4.0}",
  month = Dec,
  year = 2008,
  url = "http://www.3gpp.org/ftp/Specs/html-info/0406.htm",
}

@Techreport{3gpp:04.07,
  author = "TS-04.07",
  title = "{Mobile radio interface signaling layer 3; General aspects}",
  type = "Technical Specification",
  institution = "{3rd Generation Partnership Project (3GPP)}",
  number = "{04.07}",
  month = Dec,
  year = 1999,
  url = "http://www.3gpp.org/ftp/Specs/html-info/0407.htm",
}

@Techreport{3gpp:04.08,
  author = "TS-04.08",
  title = "{Mobile radio interface layer 3 specification}",
  type = "Technical Specification",
  institution = "{3rd Generation Partnership Project (3GPP)}",
  number = "{04.08}",
  month = Jul,
  year = 1999,
  url = "http://www.3gpp.org/ftp/Specs/html-info/0408.htm",
}

@Techreport{3gpp:04.18,
  author = "TS-04.18",
  title = "{Radio Resource Control Protocol}",
  type = "Technical Specification",
  institution = "{3rd Generation Partnership Project (3GPP)}",
  number = "{04.18 - v8.27.0}",
  month = Mai,
  year = 2006,
  url = "http://www.3gpp.org/ftp/Specs/html-info/0418.htm",
}

@Techreport{3gpp:05.01,
  author = "TS-05.01",
  title = "{Layer 1 Services General description}",
  type = "Technical Specification",
  institution = "{3rd Generation Partnership Project (3GPP)}",
  number = "{05.01}",
  month = Jan,
  year = 2004,
  url = "http://www.3gpp.org/ftp/Specs/html-info/0501.htm",
}

@Techreport{3gpp:05.02,
  author = "TS-05.02",
  title = "{Layer 1 Multiplexing and multiple access}",
  type = "Technical Specification",
  institution = "{3rd Generation Partnership Project (3GPP)}",
  number = "{05.02 - v8.11.0}",
  month = Jun,
  year = 2003,
  url = "http://www.3gpp.org/ftp/Specs/html-info/0502.htm",
}

@Techreport{3gpp:05.03,
  author = "TS-05.03",
  title = "{Channel coding}",
  type = "Technical Specification",
  institution = "{3rd Generation Partnership Project (3GPP)}",
  number = "{05.03 - v8.9.0}",
  month = Jan,
  year = 2005,
  url = "http://www.3gpp.org/ftp/Specs/html-info/0503.htm",
}

@Techreport{3gpp:05.04,
  author = "TS-05.04",
  title = "{Modulation}",
  type = "Technical Specification",
  institution = "{3rd Generation Partnership Project (3GPP)}",
  number = "{05.04 - v8.4.0}",
  month = Jan,
  year = 2002,
  url = "http://www.3gpp.org/ftp/Specs/html-info/0504.htm",
}

@Techreport{3gpp:08.08,
  author = "TS-08.08",
  title = "{(MSC - BSS) interface; Layer 3 specification}",
  type = "Technical Specification",
  institution = "{3rd Generation Partnership Project (3GPP)}",
  number = "{08.08}",
  month = Sep,
  year = 2003,
  url = "http://www.3gpp.org/ftp/Specs/html-info/0808.htm",
}

@Techreport{3gpp:08.56,
  author = "TS-08.56",
  title = "{(BSC - BTS) interface; Layer 2 specification}",
  type = "Technical Specification",
  institution = "{3rd Generation Partnership Project (3GPP)}",
  number = "{08.56 - v8.0.1}",
  month = Sep,
  year = 2003,
  url = "http://www.3gpp.org/ftp/Specs/html-info/0856.htm",
}

@Techreport{3gpp:08.58,
  author = "TS-08.58",
  title = "{(BSC - BTS) interface; Layer 3 specification}",
  type = "Technical Specification",
  institution = "{3rd Generation Partnership Project (3GPP)}",
  number = "{08.58 - v8.6.0}",
  month = Nov,
  year = 2000,
  url = "http://www.3gpp.org/ftp/Specs/html-info/0858.htm",
}


@Techreport{3gpp:23.003,
  author = "TS-23.003",
  title = "{Numbering, addressing and identification}",
  type = "Technical Specification",
  institution = "{3rd Generation Partnership Project (3GPP)}",
  number = "{23.003 - v14.3.0}",
  month = Mar,
  year = 2017,
  url = "http://www.3gpp.org/ftp/Specs/html-info/23003.htm",
}

@Techreport{3gpp:23.018,
  author = "TS-23.018",
  title = "{Basic call handling; Technical realization}",
  type = "Technical Specification",
  institution = "{3rd Generation Partnership Project (3GPP)}",
  number = "{23.018}",
  month = Dec,
  year = 2015,
  url = "http://www.3gpp.org/ftp/Specs/html-info/23018.htm",
}

@Techreport{3gpp:23.108,
  author = "TS-23.108",
  title = "{Mobile radio interface layer 3 specification, Core network protocols; Stage 2}",
  type = "Technical Specification",
  institution = "{3rd Generation Partnership Project (3GPP)}",
  number = "{23.018 - v13.0.0}",
  month = Dec,
  year = 2015,
  url = "http://www.3gpp.org/ftp/Specs/html-info/23108.htm",
}

@Techreport{3gpp:24.007,
  author = "TS-24.007",
  title = "{Mobile radio interface signalling layer 3; General aspects}",
  type = "Technical Specification",
  institution = "{3rd Generation Partnership Project (3GPP)}",
  number = "{24.007 - v7.0.0}",
  month = Sep,
  year = 2005,
  url = "http://www.3gpp.org/ftp/Specs/html-info/24007.htm",
}

@Techreport{3gpp:24.008,
  author = "TS-24.008",
  title = "{Mobile radio interface layer 3 specification; Core Network Protocols; Stage 3}",
  type = "Technical Specification",
  institution = "{3rd Generation Partnership Project (3GPP)}",
  number = "{24.008 - v5.15.0}",
  month = Dec,
  year = 2005,
  url = "http://www.3gpp.org/ftp/Specs/html-info/24008.htm",
}

@Techreport{3gpp:24.010,
  author = "TS-24.010",
  title = "{Mobile radio interface layer 3; Supplementary services specification}",
  type = "Technical Specification",
  institution = "{3rd Generation Partnership Project (3GPP)}",
  number = "{24.010 - v10.1.0}",
  month = Jun,
  year = 2011,
  url = "http://www.3gpp.org/ftp/Specs/html-info/24010.htm",
}

@Techreport{3gpp:24.011,
  author = "TS-24.011",
  title = "{Point-to-Point (PP) Short Message Service (SMS) support on mobile radio interface}",
  type = "Technical Specification",
  institution = "{3rd Generation Partnership Project (3GPP)}",
  number = "{24.011 - v6.1.0}",
  month = Jun,
  year = 2005,
  url = "http://www.3gpp.org/ftp/Specs/html-info/24011.htm",
}

@Techreport{3gpp:24.080,
  author = "TS-24.080",
  title = "{Mobile radio interface layer 3 supplementary services specification; Formats and coding}",
  type = "Technical Specification",
  institution = "{3rd Generation Partnership Project (3GPP)}",
  number = "{24.080 - v10.0.0}",
  month = Mar,
  year = 2011,
  url = "http://www.3gpp.org/ftp/Specs/html-info/24080.htm",
}

@Techreport{3gpp:31.900,
  author = "TR-31.900",
  title = "{SIM/USIM internal and external interworking aspects}",
  type = "Technical Report",
  institution = "{3rd Generation Partnership Project (3GPP)}",
  number = "{31.900}",
  month = Sep,
  year = 2012,
  url = "http://www.3gpp.org/ftp/Specs/html-info/31900.htm",
}

@Techreport{3gpp:33.102,
  author = "TS-33.102",
  title = "{Security related network functions}",
  type = "Technical Specification",
  institution = "{3rd Generation Partnership Project (3GPP)}",
  number = "{33.102 - v14.0.0}",
  month = Sep,
  year = 2016,
  url = "http://www.3gpp.org/ftp/Specs/html-info/33102.htm",
}

@Techreport{3gpp:35.202,
  author = "TS-35.202",
  title = "{Specification of the 3GPP Confidentiality and Integrity Algorithms; Document 2: KASUMI Specification}",
  type = "Technical Specification",
  institution = "{3rd Generation Partnership Project (3GPP)}",
  number = "{35.202 - v13.0.0}",
  month = Jan,
  year = 2016,
  url = "http://www.3gpp.org/ftp/Specs/html-info/35202.htm",
}

@Techreport{3gpp:45.002,
  author = "TS-45.002",
  title = "{Multiplexing and multiple access on the radio path}",
  type = "Technical Specification",
  institution = "{3rd Generation Partnership Project (3GPP)}",
  number = "{45.002 - v8.0.0}",
  month = Dec,
  year = 2008,
  url = "http://www.3gpp.org/ftp/Specs/html-info/45002.htm",
}

@Techreport{3gpp:55.216,
  author = "TS-55.216",
  title = "{Specification of the A5/3 algorithms for GSM}",
  type = "Technical Specification",
  institution = "{3rd Generation Partnership Project (3GPP)}",
  number = "{55.216 - v6.2.0}",
  month = Sep,
  year = 2003,
  url = "http://www.3gpp.org/ftp/Specs/html-info/55216.htm",
}

@Techreport{3gpp:55.226,
  author = "TS-55.226",
  title = "{Specification of the A5/4 Encryption Algorithms for GSM and ECSD, and the GEA4 Encryption Algorithm for GPRS}",
  type = "Technical Specification",
  institution = "{3rd Generation Partnership Project (3GPP)}",
  number = "{55.226 - 10.0.0}",
  month = Feb,
  year = 2011,
  url = "http://www.3gpp.org/ftp/Specs/html-info/55226.htm",
}

@Techreport{3gpp:55.251,
  author = "TS-55.251",
  title = "{Specification of the GEA5 and GIA5 encryption algorithms for General Packet Radio Service (GPRS); GEA5 and GIA5 algorithm specification}",
  type = "Technical Specification",
  institution = "{3rd Generation Partnership Project (3GPP)}",
  number = "{55.251}",
  month = Jun,
  year = 2016,
  url = "http://www.3gpp.org/ftp/Specs/html-info/55251.htm",
}

@Techreport{amtsblatt:mobile_numbering,
  author = "Bundesnetzagentur",
  title = "{Nummernplan Rufnummern für Mobile Dienste}",
  type = "Verfügung",
  institution = "{Bundesnetzagentur}",
  number = "{Verfügung 11/2011, Amtsblatt 04/2011}",
  month = Sep,
  year = 2013,
  url = "https://www.bundesnetzagentur.de/DE/Sachgebiete/Telekommunikation/Unternehmen_Institutionen/Nummerierung/Rufnummern/MobileDienste/MobileDienste_Basepage.html",
}

@book { 
bsp:buchzitat,
title = "Titel",
author = "Hans Fischer and Heinz Kunz",
publisher = "Verlag",
year = "2011",
howpublished = "Buch"
}

@book{schnabel2003kommunikationstechnik,
  title={Kommunikationstechnik-Fibel: Grundlagen, Festnetz, Mobilfunktechnik, Breitbandtechnik, Netzwerktechnik},
  author={Schnabel, P.},
  isbn={9783833005671},
  url={http://www.elektronik-kompendium.de/},
  year={2003},
  publisher={Schnabel}
}

@book{eberspacher:2008:gsm-architecture,
author = {Eberspächer, Jörg and Vögel, Hans-Jörg and Bettstetter, Christian and Hartmann, Christian},
publisher = {John Wiley \& Sons, Ltd},
isbn = {9780470741719},
url = {http://dx.doi.org/10.1002/9780470741719.ch1},
doi = {10.1002/9780470741719.ch1},
keywords = {communication system digitalization, GSM (Global System for Mobile Communication), GSM – architecture, protocols and services, Personal Communication Networks (PCNs) and Personal Communication Systems (PCSs), Digital Enhanced Cordless Telecommunications (DECT), Wireless LANs (WLANs), satellite communication and Low Earth Orbiting (LEO) or MEO satellites, GSM networks and spacial filtering for interference reduction (SFIR)},
title = {GSM – Architecture, Protocols and Services},
year = {2008},
}

﻿@book{sauter:2011:grundkurs-mobile,
title = {Grundkurs Mobile Kommunikationssysteme},
author = {Martin Sauter},
publisher = {Vieweg + Teubinger},
isbn = {9783834814074},
url = {http://www.springer.com/de/book/9783658083410},
year = {2011},
}

@Inbook{Biryukov2001,
author="Biryukov, Alex
and Shamir, Adi
and Wagner, David",
editor="Goos, Gerhard
and Hartmanis, Juris
and van Leeuwen, Jan
and Schneier, Bruce",
title="Real Time Cryptanalysis of A5/1 on a PC",
bookTitle="Fast Software Encryption: 7th International Workshop, FSE 2000 New York, NY, USA, April 10--12, 2000 Proceedings",
year="2001",
publisher="Springer Berlin Heidelberg",
address="Berlin, Heidelberg",
pages="1--18",
isbn="978-3-540-44706-1",
doi="10.1007/3-540-44706-7_1",
url="http://dx.doi.org/10.1007/3-540-44706-7_1"
}

@Inbook{gobel1996strafprozess,
  title={Strafprozess},
  author={G{\"o}bel, Klaus and Leiss, Ludwig and Marquardt, Klaus},
  year={1996},
  pages="46",
  publisher={Beck}
}

@Inbook{werner2008codierung,
author="Werner, Martin",
title="Information und Codierung: Grundlagen und Anwendungen",
year="2008",
publisher="Springer-Verlag",
address="Berlin, Heidelberg",
isbn="978-3-8348-9550-9"
}

@book{fire1959class,
  title={A class of multiple-error-correcting binary codes for non-independent errors},
  author={Fire, Philip},
  volume={55},
  year={1959},
  publisher={Department of Electrical Engineering, Stanford University.}
}

@online{3gpp:gsm-history,
	author = "{3gpp.org}",
	title = "GSM Spec history",
	url = "http://www.3gpp.org/specifications/gsm-history",
	year = {2017},
	urldate  = "[05. Juni 2017]"
}

@online{3gpp:releases,
	author = "{3gpp.org}",
	title = "Releases",
	url = {http://www.3gpp.org/specifications/releases},
	year = {2017},
	urldate  = "[05. Juni 2017]"
}

@online{conningtech:2008-05,
	author = "{conningtech.com}",
	title = "Networking - Something Good to Know",
	url = "https://conningtech.wordpress.com/2008/05/",
	month = {09},
	year = {2008},
	urldate  = "[05. Juni 2017]"
}

@online{ltemap:ltemap,
	author = "{ltemap.de}",
	title = "LTE Karte: Netzabdeckung von Vodafone, O2, Telekom und E-Plus",
	url = "http://www.ltemap.de/",
	year = {2017},
	urldate  = "[05. Juni 2017]"
}

@online{eventhelix:moc,
	author = "{eventhelix.com}",
	title = "GSM Origination Call",
	url = "https://www.eventhelix.com/gsm/originating-call/",
	year = {2017},
	urldate  = "[05. Juni 2017]"
}

@online{handyflatrate24:umts-gprs-lte-und-co,
	author = "{handy-flatrate-24.de}",
	title = "UMTS, GPR-S, LTE \& Co. – Übertragungstechniken im Mobilfunk",
	url = {https://www.handy-flatrate-24.de/informationen/umts-gprs-lte-und-co-uebertragungstechniken-im-mobilfunk.php},
	year = {2017},
	urldate  = "[05. Juni 2017]"
}

@online{mobileworldlive:long-life-2g,
	author = "{mobileworldlive.com}",
	title = "Operators and Vendors predict long life for 2G",
	url = {http://www.mobileworldlive.com/featured-content/top-three/operators-vendors-forecast-long-life-2g/},
	month = {06},
	year = {2015},
	urldate  = "[05. Juni 2017]"
}

@online{opensignal,
	author = "{opensignal.com}",
	title = "Global Cell Coverage Maps",
	url = {https://opensignal.com/networks/},
	year = {2017},
	urldate  = "[05. Juni 2017]"
}

@online{lte-anbieter:5g,
	author = "{lte-anbieter.info}",
	title = "5G: Alles zum LTE-Nachfolger der Zukunft",
	url = {http://www.lte-anbieter.info/5g/},
	year = {2017},
	urldate  = "[05. Juni 2017]"
}

@online{lte-anbieter:volte,
	author = "{lte-anbieter.info}",
	title = "VoLTE: Voice over LTE - Alles über echte Telefonie via 4G Mobilfunknetze",
	url = {http://www.lte-anbieter.info/volte/},
	year = {2017},
	urldate  = "[05. Juni 2017]"
}

@online{gsmmap,
	author = "{gsmmap.org}",
	title = "GSM Map",
	url = {https://gsmmap.org/},
	year = {2017},
	urldate  = "[05. Juni 2017]"
}

@online{laforge:blog-20101112,
	author = "{laforge.gnumonks.org}",
	title = "A brief history on the withdrawal of the A5/2 ciphering algorithm in GSM",
	url = {http://laforge.gnumonks.org/blog/20101112-history_of_a52_withdrawal/},
	year = {2010},
	month = {11},
	urldate  = "[05. Juni 2017]"
}

@online{heise:newsticker-3582914,
	author = "{heise.de}",
	title = "GSM-Zukunft in Deutschland, Österreich und der Schweiz ist offen",
	url = {https://www.heise.de/newsticker/meldung/GSM-Zukunft-in-Deutschland-Oesterreich-und-der-Schweiz-ist-offen-3582914.html},
	year = {2016},
	month = {12},
	urldate  = "[05. Juni 2017]"
}

@online{osmocom:news-rhizomatica,
	author = "{osmocom.org}",
	title = "Cellular Infrastructure: Rhizomatica hackathon on rural GSM based on Osmocom ",
	url = {https://osmocom.org/news?page=3},
	year = {2017},
	urldate  = "[05. Juni 2017]"
}

@online{theintercept:stingray-gemini,
	author = "{theintercept.com}",
	title = "Long-Secret Stingray Manuals Detail How Police Can Spy on Phones",
	url = {https://theintercept.com/2016/09/12/long-secret-stingray-manuals-detail-how-police-can-spy-on-phones/},
	year = {2016},
	month = {09},
	urldate  = "[05. Juni 2017]"
}

@online{gsmmap:secrep-ger,
	author = "{gsmmap.org}",
	title = "Mobile Network Security report: Germany",
	url = {https://gsmmap.org/assets/pdfs/gsmmap.org-country_report-Germany-2016-08.pdf},
	year = {2016},
	month = {08},
	urldate  = "[05. Juni 2017]"
}

@online{osmocom:withdrawal-a52,
	author = "{security.osmocom.org}",
	title = "Withdrawal of A5/2 algorithim support",
	url = {http://security.osmocom.org/trac/wiki/A52_Withdrawal},
	year = {2017},
	urldate  = "[05. Juni 2017]"
}

@online{theintercept:nsa-auroragold,
	author = "{theintercept.com}",
	title = "Operation Auroragold -- How the NSA Hacks Cellphone Networks Worldwide",
	url = {https://theintercept.com/2014/12/04/nsa-auroragold-hack-cellphones/},
	year = {2014},
	month = {12},
	urldate  = "[05. Juni 2017]"
}

@online{telekom:a53-gsm,
	author = "{telekom.com}",
	title = "Telekom erhöht Abhörschutz im Mobilfunk",
	url = {https://www.telekom.com/de/medien/medieninformationen/detail/telekom-erhoeht-abhoerschutz-im-mobilfunk-343760},
	year = {2013},
	month = {12},
	urldate  = "[05. Juni 2017]"
}

@online{SRLabs:a51-tables,
	author = "{srlabs.de}",
	title = "A5/1 Decryption",
	url = {https://opensource.srlabs.de/projects/a51-decrypt},
	year = {2010},
	month = {10},
	urldate  = "[05. Juni 2017]"
}

@online{osmocom,
	author = "{osmocom.org}",
	title = "Open Source Mobile Communications",
	url = {https://osmocom.org/},
	year = {2017},
	urldate  = "[05. Juni 2017]"
}

@online{osmocom:bb-project-rationale,
	author = "{osmocom.org}",
	title = "Project Rationale",
	url = {https://osmocom.org/projects/baseband/wiki/ProjectRationale},
	year = {2017},
	urldate  = "[05. Juni 2017]"
}

@online{osmocom:bb,
	author = "{osmocom.org}",
	title = "Welcome to the OsmocomBB project",
	url = {https://osmocom.org/projects/baseband/wiki},
	year = {2017},
	urldate  = "[05. Juni 2017]"
}

@online{osmocom:docs-latest,
	author = "{ftp.osmocom.org}",
	title = "Latest user documentations",
	url = {http://ftp.osmocom.org/docs/latest/},
	year = {2017},
	urldate  = "[05. Juni 2017]"
}

@online{osmocom:nightly-builds,
	author = "{osmocom.org}",
	title = "Cellular Infrastructure - Nightly Builds",
	url = {https://osmocom.org/projects/cellular-infrastructure/wiki/Nightly_Builds},
	year = {2017},
	urldate  = "[05. Juni 2017]"
}

@online{osmocom:libraries,
	author = "{osmocom.org}",
	title = "Osmocom libraries - libosmocore",
	url = {https://osmocom.org/projects/libosmocore/wiki/Libosmocore},
	year = {2017},
	urldate  = "[05. Juni 2017]"
}

@online{teltarif:gsm-repeater,
	author = "{teltarif.de}",
	title = "GSM-Repeater: Funkloch selbst stopfen - die Rechtslage",
	url = {https://www.teltarif.de/repeater-funkloch-genehmigung/news/53267.html},
	year = {2017},
	urldate  = "[05. Juni 2017]"
}

@inproceedings{Davis:2001:DSA:647055.715781,
 author = {Davis, Don},
 title = {Defective Sign \&Amp; Encrypt in S/MIME, PKCS\#7, MOSS, PEM, PGP, and XML},
 booktitle = {Proceedings of the General Track: 2001 USENIX Annual Technical Conference},
 year = {2001},
 isbn = {1-880446-09-X},
 pages = {65--78},
 numpages = {14},
 url = {http://dl.acm.org/citation.cfm?id=647055.715781},
 acmid = {715781},
 publisher = {USENIX Association},
 address = {Berkeley, CA, USA},
}

@article{Ericsson:2016:Uen:284-23-3278,
 author = {Ericsson},
 title = {Cellular Networks for Massive IoT},
 year = {2016},
 url = {http://www.ericsson.com/res/docs/whitepapers/wp_iot.pdf},
 number = {Uen:284-23-3278},
 publisher = {Ericsson},
}

@article{Lascoux:2015:IoT_status,
 author = {Rémi Lascoux},
 title = {3GPP IoT Standardization Status},
 year = {2015},
 url = {https://docbox.etsi.org/Workshop/2015/201512_M2MWORKSHOP/S03_STANDARDSandALLIANCES/3GPP_LASCOUX.pdf},
 publisher = {3GPP at ETSI M2M Workshop},
}

@article{Goldberg:1999:cryptoanalysis-a52,
 author = {Ian Goldberg,David Wagner,Lucky Green},
 title = {The Real Time Cryptoanalysis of A5/2},
 year = {1999},
 publisher = {Crypto 99},
}

@inproceedings{Biryukov:2000:RTC:647935.741059,
 author = {Biryukov, Alex and Shamir, Adi and Wagner, David},
 title = {Real Time Cryptanalysis of A5/1 on a PC},
 booktitle = {Proceedings of the 7th International Workshop on Fast Software Encryption},
 series = {FSE '00},
 year = {2001},
 isbn = {3-540-41728-1},
 pages = {1--18},
 numpages = {18},
 url = {http://dl.acm.org/citation.cfm?id=647935.741059},
 acmid = {741059},
 publisher = {Springer-Verlag},
 address = {London, UK, UK},
}

@article{Mourad:fall-of-ss7,
 author = {Hassan Mourad},
 title = {The Fall of SS7 - How Can the Critical Security Controls Help},
 year = {2015},
 publisher = {SANS Institute},
}

@article{fox2002imsi,
  title={Der IMSI-catcher},
  author={Fox, Dirk},
  journal={Datenschutz und Datensicherheit},
  volume={26},
  number={4},
  pages={212--215},
  year={2002}
}

@article{perez2011practical,
  title={A practical attack against GPRS/EDGE/UMTS/HSPA mobile data communications},
  author={Perez, David and Pico, Jose},
  journal={Black Hat DC},
  year={2011}
}

@article{hulton2008intercepting,
  title={Intercepting GSM traffic},
  author={Hulton, David},
  journal={BlackHat Briefings},
  year={2008}
}

@inproceedings{nohl2009gsm,
  title={Gsm: Srsly},
  author={Nohl, Karsten and Paget, Chris},
  booktitle={26th Chaos Communication Congress},
  volume={8},
  pages={11--17},
  year={2009}
}

@inproceedings{nohl2010wideband,
  title={Wideband GSM sniffing},
  author={Nohl, Karsten and Munaut, Sylvain},
  booktitle={27th Chaos Communication Congress},
  year={2010}
}

@inproceedings{nohl2014mobile,
  title={Mobile self-defense},
  author={Nohl, Karsten},
  booktitle={Vortrag auf dem Chaos Communication Congress 31C3, Hamburg},
  year={2014}
}

@article{paget2010practical,
  title={Practical cellphone spying},
  author={Paget, Chris},
  journal={Def Con},
  volume={18},
  year={2010}
}

@article{goldberg1999real,
  title={The real-time cryptanalysis of A5/2},
  author={Goldberg, Ian and Wagner, David and Green, Lucky},
  journal={Rump session of Crypto},
  volume={99},
  pages={239--255},
  year={1999}
}

@inproceedings{meyer2004man,
  title={A man-in-the-middle attack on UMTS},
  author={Meyer, Ulrike and Wetzel, Susanne},
  booktitle={Proceedings of the 3rd ACM workshop on Wireless security},
  pages={90--97},
  year={2004},
  organization={ACM}
}

@inproceedings{golic1997cryptanalysis,
  title={Cryptanalysis of alleged A5 stream cipher},
  author={Goli{\'c}, Jovan Dj},
  booktitle={International Conference on the Theory and Applications of Cryptographic Techniques},
  pages={239--255},
  year={1997},
  organization={Springer}
}

@inproceedings{barkan2003instant,
  title={Instant ciphertext-only cryptanalysis of GSM encrypted communication},
  author={Barkan, Elad and Biham, Eli and Keller, Nathan},
  booktitle={Annual International Cryptology Conference},
  pages={600--616},
  year={2003},
  organization={Springer}
}

@article{dunkelman2010practical,
  title={A Practical-Time Attack on the A5/3 Cryptosystem Used in Third Generation GSM Telephony.},
  author={Dunkelman, Orr and Keller, Nathan and Shamir, Adi},
  journal={IACR Cryptology ePrint Archive},
  volume={2010},
  pages={13},
  year={2010}
}

@article{piper1998cryptographic,
  title={Cryptographic solutions for voice telephony and GSM},
  author={Piper, Fred and Walker, Michael},
  journal={Network Security},
  volume={1998},
  number={12},
  pages={14--19},
  year={1998},
  publisher={Elsevier}
}

@inproceedings{handschuh1998reducing,
  title={Reducing the collision probability of alleged Comp128},
  author={Handschuh, Helena and Paillier, Pascal},
  booktitle={International Conference on Smart Card Research and Advanced Applications},
  pages={366--371},
  year={1998},
  organization={Springer}
}

@misc{briceno1998implementation,
  title={An implementation of the GSM A3A8 algorithm},
  author={Briceno, Marc and Goldberg, Ian and Wagner, David},
  year={1998}
}

@article{shah2012new,
  title={A new guess-and-determine attack on the A5/1 stream cipher},
  author={Shah, Jay and Mahalanobis, Ayan},
  journal={arXiv preprint arXiv:1204.4535},
  year={2012}
}

@inproceedings{osmocon:onwaves,
	title = {Showcase: Running a commercial cellular network with OsmoBTS/OsmoPCU/OsmoBSC \& co},
	author = {Nomine, Roch-Alexandre},
	url = {https://osmocom.org/attachments/download/2617/commercial_network_osmocom.pdf},
	journal = {OsmoCon2017},
	year = {2017},
	month = {04},
}

@inproceedings{osmocon:opencellular,
	title = {OpenCellular: Open Source Wireless Access Platform},
	author = {McMilin, Emily and Ali, Kashif},
	url = {https://osmocom.org/attachments/download/2623/opencellular.pdf},
	journal = {OsmoCon2017},
	year = {2017},
	month = {04},
}

@inproceedings{osmocon:communityCellularManager,
	title = {Community Cellular Manager},
	author = {Ramadan, Omar},
	url = {https://media.ccc.de/v/osmocon17-4014-community_cellular_manager},
	journal = {OsmoCon2017},
	year = {2017},
	month = {04},
}

@inproceedings{degabriele2007attacking,
  title={Attacking the IPsec standards in encryption-only configurations},
  author={Degabriele, Jean Paul and Paterson, Kenneth G},
  booktitle={Security and Privacy, 2007. SP'07. IEEE Symposium on},
  pages={335--349},
  year={2007},
  organization={IEEE}
}

@inproceedings{paterson2006cryptography,
  title={Cryptography in theory and practice: The case of encryption in IPsec},
  author={Paterson, Kenneth G and Yau, Arnold KL},
  booktitle={Annual International Conference on the Theory and Applications of Cryptographic Techniques},
  pages={12--29},
  year={2006},
  organization={Springer}
}

@inproceedings{bittau2006final,
  title={The final nail in WEP's coffin},
  author={Bittau, Andrea and Handley, Mark and Lackey, Joshua},
  booktitle={Security and Privacy, 2006 IEEE Symposium on},
  pages={15--pp},
  year={2006},
  organization={IEEE}
}

@inproceedings{borisov2001intercepting,
  title={Intercepting mobile communications: the insecurity of 802.11},
  author={Borisov, Nikita and Goldberg, Ian and Wagner, David},
  booktitle={Proceedings of the 7th annual international conference on Mobile computing and networking},
  pages={180--189},
  year={2001},
  organization={ACM}
}

@article{zoudigital,
  title={DIGITAL SIGNAL PROCESSING IN IF/RF DATA CONVERTERS},
  author={Zou, Alex}
}

@article{olawski2011security,
  title={Security in the GSM network},
  author={Olawski, Marcin},
  journal={IPSec. pl. Stream ciphers},
  year={2011}
}

@inproceedings{yu2004perils,
  title={The Perils of Unauthenticated Encryption: Kerberos Version 4.},
  author={Yu, Tom and Hartman, Sam and Raeburn, Kenneth},
  booktitle={NDSS},
  volume={4},
  pages={4--4},
  year={2004}
}

@article{nohl2013rooting,
  title={Rooting SIM cards},
  author={Nohl, Karsten},
  journal={Black Hat USA},
  volume={2013},
  year={2013}
}

@article{solnik2014cellular,
  title={Cellular exploitation on a global scale: The rise and fall of the control protocol},
  author={Solnik, M and Blanchou, M},
  journal={Black Hat USA},
  year={2014}
}

@inproceedings{golde2012weaponizing,
  title={Weaponizing Femtocells: The Effect of Rogue Devices on Mobile Telecommunications.},
  author={Golde, Nico and Redon, Kevin and Borgaonkar, Ravishankar},
  booktitle={NDSS},
  year={2012}
}

@article{briceno1999pedagogical,
  title={A pedagogical implementation of the GSM A5/1 and A5/2 “voice privacy” encryption algorithms},
  author={Briceno, Marc and Goldberg, Ian and Wagner, David},
  journal={Originally published at http://www. scard. org, mirror at http://cryptome. org/gsm-a512. htm},
  year={1999}
}