@Techreport{bsp:techspec,
  AUTHOR =        {MSU-CSE-06-2},
  TITLE =         {White paper: Programming according to the fences and gates
                   model for developing assured, secure software
                   systems},
  NUMBER =        {MSU-CSE-06-2},
  INSTITUTION =   {Department of Computer Science, Michigan State University},
  ADDRESS =       {East Lansing, Michigan},
  ABSTRACT =      {This white paper describes extensions to our work on the
                   Synchronization Units Model (Szumo) to address the
                   access-control problem in systems assembled dynamically from
                   trusted and untrusted components. Our extension employs
                   explicitly declared design contracts, the semantics of which
                   are founded on Landwehr's model of fences and gates.
                   },
  KEYWORDS =      {access control, security, contracts, Szumo},
  NOTE =          {},
  MONTH =         {January},
  YEAR  =         {2006},
  AUTHOR1_URL =   {http://www.poker-ping.info},
  AUTHOR1_EMAIL = {kel@wondering-jons.com},
  AUTHOR1_URL =   {},
  AUTHOR1_EMAIL = {behrends@cse.msu.edu},
  AUTHOR2_URL =   {Sle},
  AUTHOR2_EMAIL = {Poker Ping},
  AUTHOR2_URL =   {http://www.cse.msu.edu/~stire},
  AUTHOR2_EMAIL = {stire@cse.msu.edu},
  PAGES =         {3},
  FILE  =         {/user/web/htdocs/publications/tech/TR/MSU-CSE-06-2.ps},
  URL   =         {},
  CONTACT =       {stire@cse.msu.edu}
}

@Techreport{itu:e.164,
  author = "TREC-E.164",
  title = "{The international public telecommunication numbering plan}",
  type = "Technical Recommendation",
  institution = "{International Telecommunication Union (ITU)}",
  number = "{E.164}",
  month = Nov,
  year = 2010,
  url = "http://www.itu.int/rec/T-REC-E.164",
}

@Techreport{itu:e.164-list,
  author = "TREC-E.164",
  title = "{List of recommendation ITU-T E.164 assigned country codes}",
  type = "Technical Recommendation",
  institution = "{International Telecommunication Union (ITU)}",
  number = "{E.164}",
  month = Nov,
  year = 2010,
  url = "http://www.itu.int/rec/T-REC-E.164",
}

@Techreport{itu:g.703,
  author = "TREC-G.703",
  title = "{Physical/electrical characteristics of hierarchical digital interfaces}",
  type = "Technical Recommendation",
  institution = "{International Telecommunication Union (ITU)}",
  number = "{G.703}",
  month = Aug,
  year = 2016,
  url = "https://www.itu.int/rec/T-REC-G.703",
}

@Techreport{itu:q.920,
  author = "TREC-Q.920",
  title = "{ISDN user-network interface data link layer - General aspects}",
  type = "Technical Recommendation",
  institution = "{International Telecommunication Union (ITU)}",
  number = "{Q.920}",
  month = Dec,
  year = 1994,
  url = "https://www.itu.int/rec/T-REC-Q.920",
}

@Techreport{itu:q.921,
  author = "TREC-Q.921",
  title = "{ISDN user-network interface - Data link layer specification}",
  type = "Technical Recommendation",
  institution = "{International Telecommunication Union (ITU)}",
  number = "{Q.921}",
  month = Jul,
  year = 1998,
  url = "https://www.itu.int/rec/T-REC-Q.921",
}

@Techreport{itu:i.330,
  author = "TREC-I.330",
  title = "{ISDN numbering and addressing principles}",
  type = "Technical Recommendation",
  institution = "{International Telecommunication Union (ITU)}",
  number = "{I.330}",
  month = Nov,
  year = 1988,
  url = "https://www.itu.int/rec/T-REC-I.330",
}

@Techreport{itu:i.334,
  author = "TREC-I.334",
  title = "{Principles relating ISDN numbers/sub-addresses to the OSI reference model network layer addresses}",
  type = "Technical Recommendation",
  institution = "{International Telecommunication Union (ITU)}",
  number = "{I.334}",
  month = Nov,
  year = 1988,
  url = "https://www.itu.int/rec/T-REC-I.334",
}

@Techreport{3gpp:03.03,
  author = "TS-03.03",
  title = "{Numbering, Adressing and Identification}",
  type = "Technical Specification",
  institution = "{3rd Generation Partnership Project (3GPP)}",
  number = "{03.03}",
  month = Okt,
  year = 2003,
  url = "http://www.3gpp.org/ftp/Specs/html-info/0303.htm",
}

@Techreport{3gpp:03.20,
  author = "TS-03.20",
  title = "{Security related network functions}",
  type = "Technical Specification",
  institution = "{3rd Generation Partnership Project (3GPP)}",
  number = "{03.20 - v8.6.0}",
  month = Dec,
  year = 2007,
  url = "http://www.3gpp.org/ftp/Specs/html-info/0320.htm",
}

@Techreport{3gpp:04.03,
  author = "TS-04.03",
  title = "{Channel structures and access capabilities}",
  type = "Technical Specification",
  institution = "{3rd Generation Partnership Project (3GPP)}",
  number = "{04.03 - v8.0.2}",
  month = Mai,
  year = 2002,
  url = "http://www.3gpp.org/ftp/Specs/html-info/0403.htm",
}

@Techreport{3gpp:04.04,
  author = "TS-04.04",
  title = "{Layer 1 General requirements}",
  type = "Technical Specification",
  institution = "{3rd Generation Partnership Project (3GPP)}",
  number = "{04.04 - v8.1.2}",
  month = Mai,
  year = 2002,
  url = "http://www.3gpp.org/ftp/Specs/html-info/0404.htm",
}

@Techreport{3gpp:04.05,
  author = "TS-04.05",
  title = "{Data Link Layer LAPDm General Aspects}",
  type = "Technical Specification",
  institution = "{3rd Generation Partnership Project (3GPP)}",
  number = "{04.05 - v8.0.2}",
  month = Mai,
  year = 2002,
  url = "http://www.3gpp.org/ftp/Specs/html-info/0405.htm",
}

@Techreport{3gpp:04.06,
  author = "TS-04.06",
  title = "{Data Link (DL) layer specification}",
  type = "Technical Specification",
  institution = "{3rd Generation Partnership Project (3GPP)}",
  number = "{04.06 - v8.4.0}",
  month = Dec,
  year = 2008,
  url = "http://www.3gpp.org/ftp/Specs/html-info/0406.htm",
}

@Techreport{3gpp:04.07,
  author = "TS-04.07",
  title = "{Mobile radio interface signaling layer 3; General aspects}",
  type = "Technical Specification",
  institution = "{3rd Generation Partnership Project (3GPP)}",
  number = "{04.07}",
  month = Dec,
  year = 1999,
  url = "http://www.3gpp.org/ftp/Specs/html-info/0407.htm",
}

@Techreport{3gpp:04.08,
  author = "TS-04.08",
  title = "{Mobile radio interface layer 3 specification}",
  type = "Technical Specification",
  institution = "{3rd Generation Partnership Project (3GPP)}",
  number = "{04.08}",
  month = Jul,
  year = 1999,
  url = "http://www.3gpp.org/ftp/Specs/html-info/0408.htm",
}

@Techreport{3gpp:04.18,
  author = "TS-04.18",
  title = "{Radio Resource Control Protocol}",
  type = "Technical Specification",
  institution = "{3rd Generation Partnership Project (3GPP)}",
  number = "{04.18 - v8.27.0}",
  month = Mai,
  year = 2006,
  url = "http://www.3gpp.org/ftp/Specs/html-info/0418.htm",
}

@Techreport{3gpp:05.01,
  author = "TS-05.01",
  title = "{Layer 1 Services General description}",
  type = "Technical Specification",
  institution = "{3rd Generation Partnership Project (3GPP)}",
  number = "{05.01}",
  month = Jan,
  year = 2004,
  url = "http://www.3gpp.org/ftp/Specs/html-info/0501.htm",
}

@Techreport{3gpp:05.02,
  author = "TS-05.02",
  title = "{Layer 1 Multiplexing and multiple access}",
  type = "Technical Specification",
  institution = "{3rd Generation Partnership Project (3GPP)}",
  number = "{05.02 - v8.11.0}",
  month = Jun,
  year = 2003,
  url = "http://www.3gpp.org/ftp/Specs/html-info/0502.htm",
}

@Techreport{3gpp:05.03,
  author = "TS-05.03",
  title = "{Channel coding}",
  type = "Technical Specification",
  institution = "{3rd Generation Partnership Project (3GPP)}",
  number = "{05.03 - v8.9.0}",
  month = Jan,
  year = 2005,
  url = "http://www.3gpp.org/ftp/Specs/html-info/0503.htm",
}

@Techreport{3gpp:05.04,
  author = "TS-05.04",
  title = "{Modulation}",
  type = "Technical Specification",
  institution = "{3rd Generation Partnership Project (3GPP)}",
  number = "{05.04 - v8.4.0}",
  month = Jan,
  year = 2002,
  url = "http://www.3gpp.org/ftp/Specs/html-info/0504.htm",
}

@Techreport{3gpp:08.08,
  author = "TS-08.08",
  title = "{(MSC - BSS) interface; Layer 3 specification}",
  type = "Technical Specification",
  institution = "{3rd Generation Partnership Project (3GPP)}",
  number = "{08.08}",
  month = Sep,
  year = 2003,
  url = "http://www.3gpp.org/ftp/Specs/html-info/0808.htm",
}

@Techreport{3gpp:08.56,
  author = "TS-08.56",
  title = "{(BSC - BTS) interface; Layer 2 specification}",
  type = "Technical Specification",
  institution = "{3rd Generation Partnership Project (3GPP)}",
  number = "{08.56 - v8.0.1}",
  month = Sep,
  year = 2003,
  url = "http://www.3gpp.org/ftp/Specs/html-info/0856.htm",
}

@Techreport{3gpp:08.58,
  author = "TS-08.58",
  title = "{(BSC - BTS) interface; Layer 3 specification}",
  type = "Technical Specification",
  institution = "{3rd Generation Partnership Project (3GPP)}",
  number = "{08.58 - v8.6.0}",
  month = Nov,
  year = 2000,
  url = "http://www.3gpp.org/ftp/Specs/html-info/0858.htm",
}


@Techreport{3gpp:23.003,
  author = "TS-23.003",
  title = "{Numbering, addressing and identification}",
  type = "Technical Specification",
  institution = "{3rd Generation Partnership Project (3GPP)}",
  number = "{23.003 - v14.3.0}",
  month = Mar,
  year = 2017,
  url = "http://www.3gpp.org/ftp/Specs/html-info/23003.htm",
}

@Techreport{3gpp:23.018,
  author = "TS-23.018",
  title = "{Basic call handling; Technical realization}",
  type = "Technical Specification",
  institution = "{3rd Generation Partnership Project (3GPP)}",
  number = "{23.018}",
  month = Dec,
  year = 2015,
  url = "http://www.3gpp.org/ftp/Specs/html-info/23018.htm",
}

@Techreport{3gpp:23.108,
  author = "TS-23.108",
  title = "{Mobile radio interface layer 3 specification, Core network protocols; Stage 2}",
  type = "Technical Specification",
  institution = "{3rd Generation Partnership Project (3GPP)}",
  number = "{23.018 - v13.0.0}",
  month = Dec,
  year = 2015,
  url = "http://www.3gpp.org/ftp/Specs/html-info/23108.htm",
}

@Techreport{3gpp:24.007,
  author = "TS-24.007",
  title = "{Mobile radio interface signalling layer 3; General aspects}",
  type = "Technical Specification",
  institution = "{3rd Generation Partnership Project (3GPP)}",
  number = "{24.007 - v7.0.0}",
  month = Sep,
  year = 2005,
  url = "http://www.3gpp.org/ftp/Specs/html-info/24007.htm",
}

@Techreport{3gpp:24.008,
  author = "TS-24.008",
  title = "{Mobile radio interface layer 3 specification; Core Network Protocols; Stage 3}",
  type = "Technical Specification",
  institution = "{3rd Generation Partnership Project (3GPP)}",
  number = "{24.008 - v5.15.0}",
  month = Dec,
  year = 2005,
  url = "http://www.3gpp.org/ftp/Specs/html-info/24008.htm",
}

@Techreport{3gpp:24.010,
  author = "TS-24.010",
  title = "{Mobile radio interface layer 3; Supplementary services specification}",
  type = "Technical Specification",
  institution = "{3rd Generation Partnership Project (3GPP)}",
  number = "{24.010 - v10.1.0}",
  month = Jun,
  year = 2011,
  url = "http://www.3gpp.org/ftp/Specs/html-info/24010.htm",
}

@Techreport{3gpp:24.011,
  author = "TS-24.011",
  title = "{Point-to-Point (PP) Short Message Service (SMS) support on mobile radio interface}",
  type = "Technical Specification",
  institution = "{3rd Generation Partnership Project (3GPP)}",
  number = "{24.011 - v6.1.0}",
  month = Jun,
  year = 2005,
  url = "http://www.3gpp.org/ftp/Specs/html-info/24011.htm",
}

@Techreport{3gpp:24.080,
  author = "TS-24.080",
  title = "{Mobile radio interface layer 3 supplementary services specification; Formats and coding}",
  type = "Technical Specification",
  institution = "{3rd Generation Partnership Project (3GPP)}",
  number = "{24.080 - v10.0.0}",
  month = Mar,
  year = 2011,
  url = "http://www.3gpp.org/ftp/Specs/html-info/24080.htm",
}

@Techreport{3gpp:31.900,
  author = "TR-31.900",
  title = "{SIM/USIM internal and external interworking aspects}",
  type = "Technical Report",
  institution = "{3rd Generation Partnership Project (3GPP)}",
  number = "{31.900}",
  month = Sep,
  year = 2012,
  url = "http://www.3gpp.org/ftp/Specs/html-info/31900.htm",
}

@Techreport{3gpp:33.102,
  author = "TS-33.102",
  title = "{Security related network functions}",
  type = "Technical Specification",
  institution = "{3rd Generation Partnership Project (3GPP)}",
  number = "{33.102 - v14.0.0}",
  month = Sep,
  year = 2016,
  url = "http://www.3gpp.org/ftp/Specs/html-info/33102.htm",
}

@Techreport{3gpp:35.202,
  author = "TS-35.202",
  title = "{Specification of the 3GPP Confidentiality and Integrity Algorithms; Document 2: KASUMI Specification}",
  type = "Technical Specification",
  institution = "{3rd Generation Partnership Project (3GPP)}",
  number = "{35.202 - v13.0.0}",
  month = Jan,
  year = 2016,
  url = "http://www.3gpp.org/ftp/Specs/html-info/35202.htm",
}

@Techreport{3gpp:45.002,
  author = "TS-45.002",
  title = "{Multiplexing and multiple access on the radio path}",
  type = "Technical Specification",
  institution = "{3rd Generation Partnership Project (3GPP)}",
  number = "{45.002 - v8.0.0}",
  month = Dec,
  year = 2008,
  url = "http://www.3gpp.org/ftp/Specs/html-info/45002.htm",
}

@Techreport{3gpp:55.216,
  author = "TS-55.216",
  title = "{Specification of the A5/3 algorithms for GSM}",
  type = "Technical Specification",
  institution = "{3rd Generation Partnership Project (3GPP)}",
  number = "{55.216 - v6.2.0}",
  month = Sep,
  year = 2003,
  url = "http://www.3gpp.org/ftp/Specs/html-info/55216.htm",
}

@Techreport{3gpp:55.226,
  author = "TS-55.226",
  title = "{Specification of the A5/4 Encryption Algorithms for GSM and ECSD, and the GEA4 Encryption Algorithm for GPRS}",
  type = "Technical Specification",
  institution = "{3rd Generation Partnership Project (3GPP)}",
  number = "{55.226 - 10.0.0}",
  month = Feb,
  year = 2011,
  url = "http://www.3gpp.org/ftp/Specs/html-info/55226.htm",
}

@Techreport{3gpp:55.251,
  author = "TS-55.251",
  title = "{Specification of the GEA5 and GIA5 encryption algorithms for General Packet Radio Service (GPRS); GEA5 and GIA5 algorithm specification}",
  type = "Technical Specification",
  institution = "{3rd Generation Partnership Project (3GPP)}",
  number = "{55.251}",
  month = Jun,
  year = 2016,
  url = "http://www.3gpp.org/ftp/Specs/html-info/55251.htm",
}

@Techreport{amtsblatt:mobile_numbering,
  author = "Bundesnetzagentur",
  title = "{Nummernplan Rufnummern für Mobile Dienste}",
  type = "Verfügung",
  institution = "{Bundesnetzagentur}",
  number = "{Verfügung 11/2011, Amtsblatt 04/2011}",
  month = Sep,
  year = 2013,
  url = "https://www.bundesnetzagentur.de/DE/Sachgebiete/Telekommunikation/Unternehmen_Institutionen/Nummerierung/Rufnummern/MobileDienste/MobileDienste_Basepage.html",
}
