@inproceedings{Davis:2001:DSA:647055.715781,
 author = {Davis, Don},
 title = {Defective Sign \&Amp; Encrypt in S/MIME, PKCS\#7, MOSS, PEM, PGP, and XML},
 booktitle = {Proceedings of the General Track: 2001 USENIX Annual Technical Conference},
 year = {2001},
 isbn = {1-880446-09-X},
 pages = {65--78},
 numpages = {14},
 url = {http://dl.acm.org/citation.cfm?id=647055.715781},
 acmid = {715781},
 publisher = {USENIX Association},
 address = {Berkeley, CA, USA},
}

@article{Ericsson:2016:Uen:284-23-3278,
 author = {Ericsson},
 title = {Cellular Networks for Massive IoT},
 year = {2016},
 url = {http://www.ericsson.com/res/docs/whitepapers/wp_iot.pdf},
 number = {Uen:284-23-3278},
 publisher = {Ericsson},
}

@article{Lascoux:2015:IoT_status,
 author = {Rémi Lascoux},
 title = {3GPP IoT Standardization Status},
 year = {2015},
 url = {https://docbox.etsi.org/Workshop/2015/201512_M2MWORKSHOP/S03_STANDARDSandALLIANCES/3GPP_LASCOUX.pdf},
 publisher = {3GPP at ETSI M2M Workshop},
}

@article{Goldberg:1999:cryptoanalysis-a52,
 author = {Ian Goldberg,David Wagner,Lucky Green},
 title = {The Real Time Cryptoanalysis of A5/2},
 year = {1999},
 publisher = {Crypto 99},
}

@inproceedings{Biryukov:2000:RTC:647935.741059,
 author = {Biryukov, Alex and Shamir, Adi and Wagner, David},
 title = {Real Time Cryptanalysis of A5/1 on a PC},
 booktitle = {Proceedings of the 7th International Workshop on Fast Software Encryption},
 series = {FSE '00},
 year = {2001},
 isbn = {3-540-41728-1},
 pages = {1--18},
 numpages = {18},
 url = {http://dl.acm.org/citation.cfm?id=647935.741059},
 acmid = {741059},
 publisher = {Springer-Verlag},
 address = {London, UK, UK},
}

@article{Mourad:fall-of-ss7,
 author = {Hassan Mourad},
 title = {The Fall of SS7 - How Can the Critical Security Controls Help},
 year = {2015},
 publisher = {SANS Institute},
}

@article{fox2002imsi,
  title={Der IMSI-catcher},
  author={Fox, Dirk},
  journal={Datenschutz und Datensicherheit},
  volume={26},
  number={4},
  pages={212--215},
  year={2002}
}

@article{perez2011practical,
  title={A practical attack against GPRS/EDGE/UMTS/HSPA mobile data communications},
  author={Perez, David and Pico, Jose},
  journal={Black Hat DC},
  year={2011}
}

@article{hulton2008intercepting,
  title={Intercepting GSM traffic},
  author={Hulton, David},
  journal={BlackHat Briefings},
  year={2008}
}

@inproceedings{nohl2009gsm,
  title={Gsm: Srsly},
  author={Nohl, Karsten and Paget, Chris},
  booktitle={26th Chaos Communication Congress},
  volume={8},
  pages={11--17},
  year={2009}
}

@inproceedings{nohl2010wideband,
  title={Wideband GSM sniffing},
  author={Nohl, Karsten and Munaut, Sylvain},
  booktitle={27th Chaos Communication Congress},
  year={2010}
}

@inproceedings{nohl2014mobile,
  title={Mobile self-defense},
  author={Nohl, Karsten},
  booktitle={Vortrag auf dem Chaos Communication Congress 31C3, Hamburg},
  year={2014}
}

@article{paget2010practical,
  title={Practical cellphone spying},
  author={Paget, Chris},
  journal={Def Con},
  volume={18},
  year={2010}
}

@article{goldberg1999real,
  title={The real-time cryptanalysis of A5/2},
  author={Goldberg, Ian and Wagner, David and Green, Lucky},
  journal={Rump session of Crypto},
  volume={99},
  pages={239--255},
  year={1999}
}

@inproceedings{meyer2004man,
  title={A man-in-the-middle attack on UMTS},
  author={Meyer, Ulrike and Wetzel, Susanne},
  booktitle={Proceedings of the 3rd ACM workshop on Wireless security},
  pages={90--97},
  year={2004},
  organization={ACM}
}

@inproceedings{golic1997cryptanalysis,
  title={Cryptanalysis of alleged A5 stream cipher},
  author={Goli{\'c}, Jovan Dj},
  booktitle={International Conference on the Theory and Applications of Cryptographic Techniques},
  pages={239--255},
  year={1997},
  organization={Springer}
}

@inproceedings{barkan2003instant,
  title={Instant ciphertext-only cryptanalysis of GSM encrypted communication},
  author={Barkan, Elad and Biham, Eli and Keller, Nathan},
  booktitle={Annual International Cryptology Conference},
  pages={600--616},
  year={2003},
  organization={Springer}
}

@article{dunkelman2010practical,
  title={A Practical-Time Attack on the A5/3 Cryptosystem Used in Third Generation GSM Telephony.},
  author={Dunkelman, Orr and Keller, Nathan and Shamir, Adi},
  journal={IACR Cryptology ePrint Archive},
  volume={2010},
  pages={13},
  year={2010}
}

@article{piper1998cryptographic,
  title={Cryptographic solutions for voice telephony and GSM},
  author={Piper, Fred and Walker, Michael},
  journal={Network Security},
  volume={1998},
  number={12},
  pages={14--19},
  year={1998},
  publisher={Elsevier}
}

@inproceedings{handschuh1998reducing,
  title={Reducing the collision probability of alleged Comp128},
  author={Handschuh, Helena and Paillier, Pascal},
  booktitle={International Conference on Smart Card Research and Advanced Applications},
  pages={366--371},
  year={1998},
  organization={Springer}
}

@misc{briceno1998implementation,
  title={An implementation of the GSM A3A8 algorithm},
  author={Briceno, Marc and Goldberg, Ian and Wagner, David},
  year={1998}
}

@article{shah2012new,
  title={A new guess-and-determine attack on the A5/1 stream cipher},
  author={Shah, Jay and Mahalanobis, Ayan},
  journal={arXiv preprint arXiv:1204.4535},
  year={2012}
}

@inproceedings{osmocon:onwaves,
	title = {Showcase: Running a commercial cellular network with OsmoBTS/OsmoPCU/OsmoBSC \& co},
	author = {Nomine, Roch-Alexandre},
	url = {https://osmocom.org/attachments/download/2617/commercial_network_osmocom.pdf},
	journal = {OsmoCon2017},
	year = {2017},
	month = {04},
}

@inproceedings{osmocon:opencellular,
	title = {OpenCellular: Open Source Wireless Access Platform},
	author = {McMilin, Emily and Ali, Kashif},
	url = {https://osmocom.org/attachments/download/2623/opencellular.pdf},
	journal = {OsmoCon2017},
	year = {2017},
	month = {04},
}

@inproceedings{osmocon:communityCellularManager,
	title = {Community Cellular Manager},
	author = {Ramadan, Omar},
	url = {https://media.ccc.de/v/osmocon17-4014-community_cellular_manager},
	journal = {OsmoCon2017},
	year = {2017},
	month = {04},
}

@inproceedings{degabriele2007attacking,
  title={Attacking the IPsec standards in encryption-only configurations},
  author={Degabriele, Jean Paul and Paterson, Kenneth G},
  booktitle={Security and Privacy, 2007. SP'07. IEEE Symposium on},
  pages={335--349},
  year={2007},
  organization={IEEE}
}

@inproceedings{paterson2006cryptography,
  title={Cryptography in theory and practice: The case of encryption in IPsec},
  author={Paterson, Kenneth G and Yau, Arnold KL},
  booktitle={Annual International Conference on the Theory and Applications of Cryptographic Techniques},
  pages={12--29},
  year={2006},
  organization={Springer}
}

@inproceedings{bittau2006final,
  title={The final nail in WEP's coffin},
  author={Bittau, Andrea and Handley, Mark and Lackey, Joshua},
  booktitle={Security and Privacy, 2006 IEEE Symposium on},
  pages={15--pp},
  year={2006},
  organization={IEEE}
}

@inproceedings{borisov2001intercepting,
  title={Intercepting mobile communications: the insecurity of 802.11},
  author={Borisov, Nikita and Goldberg, Ian and Wagner, David},
  booktitle={Proceedings of the 7th annual international conference on Mobile computing and networking},
  pages={180--189},
  year={2001},
  organization={ACM}
}

@article{zoudigital,
  title={DIGITAL SIGNAL PROCESSING IN IF/RF DATA CONVERTERS},
  author={Zou, Alex}
}

@article{olawski2011security,
  title={Security in the GSM network},
  author={Olawski, Marcin},
  journal={IPSec. pl. Stream ciphers},
  year={2011}
}

@inproceedings{yu2004perils,
  title={The Perils of Unauthenticated Encryption: Kerberos Version 4.},
  author={Yu, Tom and Hartman, Sam and Raeburn, Kenneth},
  booktitle={NDSS},
  volume={4},
  pages={4--4},
  year={2004}
}

@article{nohl2013rooting,
  title={Rooting SIM cards},
  author={Nohl, Karsten},
  journal={Black Hat USA},
  volume={2013},
  year={2013}
}

@article{solnik2014cellular,
  title={Cellular exploitation on a global scale: The rise and fall of the control protocol},
  author={Solnik, M and Blanchou, M},
  journal={Black Hat USA},
  year={2014}
}

@inproceedings{golde2012weaponizing,
  title={Weaponizing Femtocells: The Effect of Rogue Devices on Mobile Telecommunications.},
  author={Golde, Nico and Redon, Kevin and Borgaonkar, Ravishankar},
  booktitle={NDSS},
  year={2012}
}

@article{briceno1999pedagogical,
  title={A pedagogical implementation of the GSM A5/1 and A5/2 “voice privacy” encryption algorithms},
  author={Briceno, Marc and Goldberg, Ian and Wagner, David},
  journal={Originally published at http://www. scard. org, mirror at http://cryptome. org/gsm-a512. htm},
  year={1999}
}


