@book { 
bsp:buchzitat,
title = "Titel",
author = "Hans Fischer and Heinz Kunz",
publisher = "Verlag",
year = "2011",
howpublished = "Buch"
}

@book{schnabel2003kommunikationstechnik,
  title={Kommunikationstechnik-Fibel: Grundlagen, Festnetz, Mobilfunktechnik, Breitbandtechnik, Netzwerktechnik},
  author={Schnabel, P.},
  isbn={9783833005671},
  url={http://www.elektronik-kompendium.de/},
  year={2003},
  publisher={Schnabel}
}

@book{eberspacher:2008:gsm-architecture,
author = {Eberspächer, Jörg and Vögel, Hans-Jörg and Bettstetter, Christian and Hartmann, Christian},
publisher = {John Wiley \& Sons, Ltd},
isbn = {9780470741719},
url = {http://dx.doi.org/10.1002/9780470741719.ch1},
doi = {10.1002/9780470741719.ch1},
keywords = {communication system digitalization, GSM (Global System for Mobile Communication), GSM – architecture, protocols and services, Personal Communication Networks (PCNs) and Personal Communication Systems (PCSs), Digital Enhanced Cordless Telecommunications (DECT), Wireless LANs (WLANs), satellite communication and Low Earth Orbiting (LEO) or MEO satellites, GSM networks and spacial filtering for interference reduction (SFIR)},
title = {GSM – Architecture, Protocols and Services},
year = {2008},
}

﻿@book{sauter:2011:grundkurs-mobile,
title = {Grundkurs Mobile Kommunikationssysteme},
author = {Martin Sauter},
publisher = {Vieweg + Teubinger},
isbn = {9783834814074},
url = {http://www.springer.com/de/book/9783658083410},
year = {2011},
}

@Inbook{Biryukov2001,
author="Biryukov, Alex
and Shamir, Adi
and Wagner, David",
editor="Goos, Gerhard
and Hartmanis, Juris
and van Leeuwen, Jan
and Schneier, Bruce",
title="Real Time Cryptanalysis of A5/1 on a PC",
bookTitle="Fast Software Encryption: 7th International Workshop, FSE 2000 New York, NY, USA, April 10--12, 2000 Proceedings",
year="2001",
publisher="Springer Berlin Heidelberg",
address="Berlin, Heidelberg",
pages="1--18",
isbn="978-3-540-44706-1",
doi="10.1007/3-540-44706-7_1",
url="http://dx.doi.org/10.1007/3-540-44706-7_1"
}

@Inbook{gobel1996strafprozess,
  title={Strafprozess},
  author={G{\"o}bel, Klaus and Leiss, Ludwig and Marquardt, Klaus},
  year={1996},
  pages="46",
  publisher={Beck}
}

@Inbook{werner2008codierung,
author="Werner, Martin",
title="Information und Codierung: Grundlagen und Anwendungen",
year="2008",
publisher="Springer-Verlag",
address="Berlin, Heidelberg",
isbn="978-3-8348-9550-9"
}

@book{fire1959class,
  title={A class of multiple-error-correcting binary codes for non-independent errors},
  author={Fire, Philip},
  volume={55},
  year={1959},
  publisher={Department of Electrical Engineering, Stanford University.}
}