@online{3gpp:gsm-history,
	author = "{3gpp.org}",
	title = "GSM Spec history",
	url = "http://www.3gpp.org/specifications/gsm-history",
	year = {2017},
	urldate  = "[05. Juni 2017]"
}

@online{3gpp:releases,
	author = "{3gpp.org}",
	title = "Releases",
	url = {http://www.3gpp.org/specifications/releases},
	year = {2017},
	urldate  = "[05. Juni 2017]"
}

@online{conningtech:2008-05,
	author = "{conningtech.com}",
	title = "Networking - Something Good to Know",
	url = "https://conningtech.wordpress.com/2008/05/",
	month = {09},
	year = {2008},
	urldate  = "[05. Juni 2017]"
}

@online{ltemap:ltemap,
	author = "{ltemap.de}",
	title = "LTE Karte: Netzabdeckung von Vodafone, O2, Telekom und E-Plus",
	url = "http://www.ltemap.de/",
	year = {2017},
	urldate  = "[05. Juni 2017]"
}

@online{eventhelix:moc,
	author = "{eventhelix.com}",
	title = "GSM Origination Call",
	url = "https://www.eventhelix.com/gsm/originating-call/",
	year = {2017},
	urldate  = "[05. Juni 2017]"
}

@online{handyflatrate24:umts-gprs-lte-und-co,
	author = "{handy-flatrate-24.de}",
	title = "UMTS, GPR-S, LTE \& Co. – Übertragungstechniken im Mobilfunk",
	url = {https://www.handy-flatrate-24.de/informationen/umts-gprs-lte-und-co-uebertragungstechniken-im-mobilfunk.php},
	year = {2017},
	urldate  = "[05. Juni 2017]"
}

@online{mobileworldlive:long-life-2g,
	author = "{mobileworldlive.com}",
	title = "Operators and Vendors predict long life for 2G",
	url = {http://www.mobileworldlive.com/featured-content/top-three/operators-vendors-forecast-long-life-2g/},
	month = {06},
	year = {2015},
	urldate  = "[05. Juni 2017]"
}

@online{opensignal,
	author = "{opensignal.com}",
	title = "Global Cell Coverage Maps",
	url = {https://opensignal.com/networks/},
	year = {2017},
	urldate  = "[05. Juni 2017]"
}

@online{lte-anbieter:5g,
	author = "{lte-anbieter.info}",
	title = "5G: Alles zum LTE-Nachfolger der Zukunft",
	url = {http://www.lte-anbieter.info/5g/},
	year = {2017},
	urldate  = "[05. Juni 2017]"
}

@online{lte-anbieter:volte,
	author = "{lte-anbieter.info}",
	title = "VoLTE: Voice over LTE - Alles über echte Telefonie via 4G Mobilfunknetze",
	url = {http://www.lte-anbieter.info/volte/},
	year = {2017},
	urldate  = "[05. Juni 2017]"
}

@online{gsmmap,
	author = "{gsmmap.org}",
	title = "GSM Map",
	url = {https://gsmmap.org/},
	year = {2017},
	urldate  = "[05. Juni 2017]"
}

@online{laforge:blog-20101112,
	author = "{laforge.gnumonks.org}",
	title = "A brief history on the withdrawal of the A5/2 ciphering algorithm in GSM",
	url = {http://laforge.gnumonks.org/blog/20101112-history_of_a52_withdrawal/},
	year = {2010},
	month = {11},
	urldate  = "[05. Juni 2017]"
}

@online{heise:newsticker-3582914,
	author = "{heise.de}",
	title = "GSM-Zukunft in Deutschland, Österreich und der Schweiz ist offen",
	url = {https://www.heise.de/newsticker/meldung/GSM-Zukunft-in-Deutschland-Oesterreich-und-der-Schweiz-ist-offen-3582914.html},
	year = {2016},
	month = {12},
	urldate  = "[05. Juni 2017]"
}

@online{osmocom:news-rhizomatica,
	author = "{osmocom.org}",
	title = "Cellular Infrastructure: Rhizomatica hackathon on rural GSM based on Osmocom ",
	url = {https://osmocom.org/news?page=3},
	year = {2017},
	urldate  = "[05. Juni 2017]"
}

@online{theintercept:stingray-gemini,
	author = "{theintercept.com}",
	title = "Long-Secret Stingray Manuals Detail How Police Can Spy on Phones",
	url = {https://theintercept.com/2016/09/12/long-secret-stingray-manuals-detail-how-police-can-spy-on-phones/},
	year = {2016},
	month = {09},
	urldate  = "[05. Juni 2017]"
}

@online{gsmmap:secrep-ger,
	author = "{gsmmap.org}",
	title = "Mobile Network Security report: Germany",
	url = {https://gsmmap.org/assets/pdfs/gsmmap.org-country_report-Germany-2016-08.pdf},
	year = {2016},
	month = {08},
	urldate  = "[05. Juni 2017]"
}

@online{osmocom:withdrawal-a52,
	author = "{security.osmocom.org}",
	title = "Withdrawal of A5/2 algorithim support",
	url = {http://security.osmocom.org/trac/wiki/A52_Withdrawal},
	year = {2017},
	urldate  = "[05. Juni 2017]"
}

@online{theintercept:nsa-auroragold,
	author = "{theintercept.com}",
	title = "Operation Auroragold -- How the NSA Hacks Cellphone Networks Worldwide",
	url = {https://theintercept.com/2014/12/04/nsa-auroragold-hack-cellphones/},
	year = {2014},
	month = {12},
	urldate  = "[05. Juni 2017]"
}

@online{telekom:a53-gsm,
	author = "{telekom.com}",
	title = "Telekom erhöht Abhörschutz im Mobilfunk",
	url = {https://www.telekom.com/de/medien/medieninformationen/detail/telekom-erhoeht-abhoerschutz-im-mobilfunk-343760},
	year = {2013},
	month = {12},
	urldate  = "[05. Juni 2017]"
}

@online{SRLabs:a51-tables,
	author = "{srlabs.de}",
	title = "A5/1 Decryption",
	url = {https://opensource.srlabs.de/projects/a51-decrypt},
	year = {2010},
	month = {10},
	urldate  = "[05. Juni 2017]"
}

@online{osmocom,
	author = "{osmocom.org}",
	title = "Open Source Mobile Communications",
	url = {https://osmocom.org/},
	year = {2017},
	urldate  = "[05. Juni 2017]"
}

@online{osmocom:bb-project-rationale,
	author = "{osmocom.org}",
	title = "Project Rationale",
	url = {https://osmocom.org/projects/baseband/wiki/ProjectRationale},
	year = {2017},
	urldate  = "[05. Juni 2017]"
}

@online{osmocom:bb,
	author = "{osmocom.org}",
	title = "Welcome to the OsmocomBB project",
	url = {https://osmocom.org/projects/baseband/wiki},
	year = {2017},
	urldate  = "[05. Juni 2017]"
}

@online{osmocom:docs-latest,
	author = "{ftp.osmocom.org}",
	title = "Latest user documentations",
	url = {http://ftp.osmocom.org/docs/latest/},
	year = {2017},
	urldate  = "[05. Juni 2017]"
}

@online{osmocom:nightly-builds,
	author = "{osmocom.org}",
	title = "Cellular Infrastructure - Nightly Builds",
	url = {https://osmocom.org/projects/cellular-infrastructure/wiki/Nightly_Builds},
	year = {2017},
	urldate  = "[05. Juni 2017]"
}

@online{osmocom:libraries,
	author = "{osmocom.org}",
	title = "Osmocom libraries - libosmocore",
	url = {https://osmocom.org/projects/libosmocore/wiki/Libosmocore},
	year = {2017},
	urldate  = "[05. Juni 2017]"
}

@online{teltarif:gsm-repeater,
	author = "{teltarif.de}",
	title = "GSM-Repeater: Funkloch selbst stopfen - die Rechtslage",
	url = {https://www.teltarif.de/repeater-funkloch-genehmigung/news/53267.html},
	year = {2017},
	urldate  = "[05. Juni 2017]"
}
